% Encoding: windows-1252

@Article{SCA2014,
  author = {Smart Card Alliance},
  title  = {A Smart Card Alliance Mobile \& NFC Counci White Paper - Host Card Emulation (HCE) 101},
  year   = {2014},
  file   = {:/Users/thibautmaddelein/Documents/school/2018-2019/bachelorproef/literatuurstudie/HCE-101-WP-FINAL-081114-clean.pdf:PDF},
}

@Article{Borko2014,
  author = {Borko Lepojevic and Bojan Pavlovic and Aleksandar Radulovic},
  title  = {Implementing NFC Service Security},
  year   = {2014},
  file   = {:/Users/thibautmaddelein/Documents/school/2018-2019/bachelorproef/literatuurstudie/ImplementingNFCservicesecurity-SEvsTEEvsHCE.pdf:PDF},
}

@Article{Cryptomathic,
  author = {Cryptomathic},
  title  = {Potect HCE Moblie Applications with Cryptomathic MASC},
  year   = {2014},
  file   = {:/Users/thibautmaddelein/Documents/school/2018-2019/bachelorproef/literatuurstudie/protect_hce_mobile_apps_with_masc_v1.5.pdf:PDF},
}

@Comment{jabref-meta: databaseType:biblatex;}
